@book{thrun2005probabilistic,
  title={Probabilistic robotics},
  author={Thrun, Sebastian and Burgard, Wolfram and Fox, Dieter},
  year={2005},
  publisher={MIT press}
}
